% ADD YOUR BIBLIOGRAPHY ENTRIES INTO THIS FILE.
% MAKE SURE NOT TO OVEWRITE YOUR REPOSITORY'S VERSION WHEN PULLING FROM WRITEX.
