% /!\ DO NOT MAKE CHANGES TO THIS FILE FROM ANOTHER REPOSITORY, AS THEY MAY BE OVERWRITTEN WHEN PULLING FROM WRITEX

@article{bibliography:source_template,
	title = {template},
	volume = {template},
	issn = {template},
	url = {template},
	doi = {template},
	language = {template},
	urldate = {template},
	journal = {template},
	author = {{Name1}, Surname1 and {Name2}, Surname2},
	month = {1},
	year = {1900},
	pages = {template},
	file = {template},
	abstract = {template}
}
