% /!\ DO NOT MAKE CHANGES TO THIS FILE FROM ANOTHER REPOSITORY, AS THEY MAY BE OVERWRITTEN WHEN PULLING FROM WRITEX

% Add commas after each field, after last one it is ok too
NAME FIELDS: name, forename AND name, forename AND name, forename

@myarticle{myarticle:article_template:en,
  IDS = {myarticle:article_template:fr, myarticle:article_template:pt},
  title = {Article Title},
  shorttitle = {Article Title (short)},
  subtitle = {Article Subtitle},
  url = {url/to/article},
	doi = {doi.of.article},
	abstract = {Article abstract},
  author = {{Name1}, Surname1 and {Name2}, Surname2},
  translator = {{Name1}, Surname1 and {Name2}, Surname2},
	illustrator  = {{Name1}, Surname1 and {Name2}, Surname2},
  reviewer = {{Name1}, Surname1 and {Name2}, Surname2},
  thank = {{Name1}, Surname1 and {Name2}, Surname2},
	month = {1},
	year = {1900},
	note = {template},
	pages = {template},
	file = {template},
	language = {template},
  targetPublication={template},
  audienceLevel={template},
  wordMin ={template},
  wordMax ={template},
  charMin ={template},
  charMax ={template},
  keywords={template},
  discipline={template},
  copyright={template},
  mainSourceKey={template}
}




@myarticle{myarticle:article_tutorial:en,
	title={tutorial title},
	shorttitle={tutorial shorttitle},
	subtitle={tutorial subtitle},
	url={tutorial.org},
	doi={},
	abstract={Abstract for the tutorial},
	author={Tutorial Author},
	translator={Tutorial Translator},
	illustrator={Tutorial Illustrator},
	reviewer={Tutorial Reviewer},
	thank={},
	month={},
	year={},
	note={},
	pages={},
	file={},
	language={en},
	targetPublication={Tutorial Publisher},
	audienceLevel={Tutorial learners},
	wordMin={},
	wordMax={},
	charMin={},
	charMax={},
	keywords={tutorial},
	discipline={tutorial},
	copyright={},
	mainSource={},
}