% ADD YOUR ARTICLE ENTRIES INTO THIS FILE.
% MAKE SURE NOT TO OVEWRITE YOUR REPOSITORY'S VERSION WHEN PULLING FROM WRITEX.
%
% Add commas after each field, after last one it is ok too
NAME FIELDS: name, forename AND name, forename AND name, forename